@misc{Arrefecimento,
      author = "K. Bouleimen, H. Lecocq",
      title = "A new efficient simulated annealing algorithm for the
resource-constrained project scheduling problem
and its multiple mode version",
      month = "",
      year = "2002",
      url = "https://pdfs.semanticscholar.org/91f9/f6c1015fef521f7f793845ce413614485d5e.pdf"
}